@misc{lyft2020,
    title={One Thousand and One Hours: Self-driving Motion Prediction Dataset},
    author={John Houston and Guido Zuidhof and Luca Bergamini and Yawei Ye and Ashesh Jain and Sammy Omari and Vladimir Iglovikov and Peter Ondruska},
    year={2020},
    eprint={2006.14480},
    archivePrefix={arXiv},
    primaryClass={cs.CV}
}

@misc{1512.03385,
Author = {Kaiming He and Xiangyu Zhang and Shaoqing Ren and Jian Sun},
Title = {Deep Residual Learning for Image Recognition},
Year = {2015},
Eprint = {arXiv:1512.03385},
}

@article{1905.11946,
Author = {Mingxing Tan and Quoc V. Le},
Title = {EfficientNet: Rethinking Model Scaling for Convolutional Neural Networks},
Year = {2019},
Eprint = {arXiv:1905.11946},
Howpublished = {International Conference on Machine Learning, 2019},
}

@article{1907.09595,
Author = {Mingxing Tan and Quoc V. Le},
Title = {MixConv: Mixed Depthwise Convolutional Kernels},
Year = {2019},
Eprint = {arXiv:1907.09595},
Howpublished = {BMVC 2019},
}

@inproceedings{deng2009imagenet,
  title={Imagenet: A large-scale hierarchical image database},
  author={Deng, Jia and Dong, Wei and Socher, Richard and Li, Li-Jia and Li, Kai and Fei-Fei, Li},
  booktitle={2009 IEEE conference on computer vision and pattern recognition},
  pages={248--255},
  year={2009},
  organization={Ieee}
}

@misc{1901.09960,
Author = {Dan Hendrycks and Kimin Lee and Mantas Mazeika},
Title = {Using Pre-Training Can Improve Model Robustness and Uncertainty},
Year = {2019},
Eprint = {arXiv:1901.09960},
}